@webpage{so-survey,
  title = {2020 Developer Survey},
  url = {https://insights.stackoverflow.com/survey/2020#most-loved-dreaded-and-wanted},
  urldate = {2021-06-12}
}

@webpage{github,
  title = {GitHub: Where the world builds software},
  url = {https://github.com/},
  urldate = {2021-06-12}
}

@webpage{git,
  title = {Git webpage},
  url = {https://git-scm.com/},
  urldate = {2021-06-12}
}

@webpage{pygithub,
  title = {PyGithub GitHub},
  url = {https://github.com/PyGithub/PyGithub},
  urldate = {2021-06-14}
}

@article{Golder2006,
  author = {Scott A. Golder and Bernardo A. Huberman},
  title ={Usage patterns of collaborative tagging systems},
  journal = {Journal of Information Science},
  volume = {32},
  number = {2},
  pages = {198-208},
  year = {2006},
  doi = {10.1177/0165551506062337},
  URL = {https://doi.org/10.1177/0165551506062337}
}

@inproceedings{Hindle2008,
  author = {Hindle, Abram and German, Daniel M. and Holt, Ric},
  title = {What Do Large Commits Tell Us? A Taxonomical Study of Large Commits},
  year = {2008},
  isbn = {9781605580241},
  publisher = {Association for Computing Machinery},
  address = {New York, NY, USA},
  url = {https://doi.org/10.1145/1370750.1370773},
  doi = {10.1145/1370750.1370773},
  booktitle = {Proceedings of the 2008 International Working Conference on Mining Software Repositories},
  pages = {99â€“108},
  numpages = {10},
  keywords = {software evolution, large commits, source control system},
  location = {Leipzig, Germany},
  series = {MSR '08}
}

@inproceedings{Mockus2000,
  author = {Mockus, Audris and Votta, Lawrence},
  year = {2000},
  month = {01},
  pages = {120-130},
  title = {Identifying Reasons for Software Changes using Historic Databases.},
  journal = {Conference on Software Maintenance},
  doi = {10.1109/ICSM.2000.883028}
}
